<record><leader>00000cas a22000007a 4500</leader><controlfield tag="001">21438918</controlfield><controlfield tag="008">900427d19121914mouwr ne      0    0eng d</controlfield><datafield ind1=" " ind2=" " tag="010"><subfield code="a">sn 90061687 </subfield></datafield><datafield ind1=" " ind2=" " tag="040"><subfield code="a">MQN</subfield><subfield code="b">eng</subfield><subfield code="c">MQN</subfield><subfield code="d">OCLCQ</subfield></datafield><datafield ind1=" " ind2=" " tag="042"><subfield code="a">msc</subfield></datafield><datafield ind1="0" ind2=" " tag="130"><subfield code="a">Progressive news (Saint James, Mo.)</subfield></datafield><datafield ind1="1" ind2="4" tag="245"><subfield code="a">The progressive news.</subfield></datafield><datafield ind1=" " ind2=" " tag="260"><subfield code="a">St. James, Mo. :</subfield><subfield code="b">C.E. Sinclair,</subfield><subfield code="c">1912-</subfield></datafield><datafield ind1=" " ind2=" " tag="300"><subfield code="a">v.</subfield></datafield><datafield ind1=" " ind2=" " tag="310"><subfield code="a">Weekly</subfield></datafield><datafield ind1="0" ind2=" " tag="362"><subfield code="a">Vol. 1, no. 1 (Dec, 12, 1912)-</subfield></datafield><datafield ind1="1" ind2=" " tag="362"><subfield code="a">Ceased in 1914?</subfield></datafield><datafield ind1=" " ind2=" " tag="752"><subfield code="a">United States</subfield><subfield code="b">Missouri</subfield><subfield code="c">Phelps</subfield><subfield code="d">Saint James.</subfield></datafield><datafield ind1="0" ind2="4" tag="785"><subfield code="t">St. James republican</subfield><subfield code="w">(DLC)sn 90061686</subfield></datafield></record>